@inproceedings{EBSN_linking,
 author = {Liu, Xingjie and He, Qi and Tian, Yuanyuan and Lee, Wang-Chien and McPherson, John and Han, Jiawei},
 title = {Event-based Social Networks: Linking the Online and Offline Social Worlds},
 booktitle = {Proceedings of the 18th ACM SIGKDD International Conference on Knowledge Discovery and Data Mining},
 series = {KDD '12},
 year = {2012},
 location = {Beijing, China},
 pages = {1032--1040},
 numpages = {9},
 publisher = {ACM},
 address = {New York, NY, USA},
} 


@article{EBSN_event_reco,
	title = {Event recommendation in social networks based on reverse random walk and participant scale control},
	volume = {79},
	language = {en},
	urldate = {2017-12-31},
	journal = {Future Generation Computer Systems},
	author = {Mo, Yijun and Li, Bixi and Wang, Bang and Yang, Laurence T. and Xu, Minghua},
	month = feb,
	year = {2018},
	pages = {383--395},
}


@inproceedings{EBSN_on_social,
	title = {On social event organization},
	language = {en},
	urldate = {2018-01-02},
	publisher = {ACM Press},
	author = {Li, Keqian and Lu, Wei and Bhagat, Smriti and Lakshmanan, Laks V.S. and Yu, Cong},
	year = {2014},
	keywords = {EBSN},
	pages = {1206--1215},
}

@paper{EBSN_event_recom2,
	author = {Zhi Qiao and Peng Zhang and Chuan Zhou and Yanan Cao and Li Guo and Yanchuan Zhang},
	title = {Event Recommendation in Event-Based Social Networks},
	conference = {AAAI Conference on Artificial Intelligence},
	year = {2014},
	keywords = {event recommendation},
}

@article{EBSN_conflict-aware_2016,
	title = {Conflict-{Aware} {Event}-{Participant} {Arrangement} and {Its} {Variant} for {Online} {Setting}},
	volume = {28},
	language = {en},
	number = {9},
	urldate = {2018-04-26},
	journal = {IEEE Transactions on Knowledge and Data Engineering},
	author = {She, Jieying and Tong, Yongxin and Chen, Lei and Cao, Caleb Chen},
	month = sep,
	year = {2016},
	pages = {2281--2295},
}

@inproceedings{EBSN_feedback-aware_2017,
	title = {Feedback-{Aware} {Social} {Event}-{Participant} {Arrangement}},
	language = {en},
	urldate = {2018-04-26},
	publisher = {ACM Press},
	author = {She, Jieying and Tong, Yongxin and Chen, Lei and Song, Tianshu},
	year = {2017},
	pages = {851--865},
}

@inproceedings{EBSN_conflict-aware_2015,
	title = {Conflict-aware event-participant arrangement},
	language = {en},
	urldate = {2018-04-26},
	publisher = {IEEE},
	author = {She, Jieying and Tong, Yongxin and Chen, Lei and Cao, Caleb Chen},
	month = apr,
	year = {2015},
	pages = {735--746},
}

@inproceedings{EBSN_understanding,
	title = {Understanding event attendance through analysis of human crowd behavior in social networks},
	language = {en},
	urldate = {2017-12-31},
	publisher = {ACM Press},
	author = {Karanikolaou, Stavroula and Boutsis, Ioannis and Kalogeraki, Vana},
	year = {2014},
	pages = {322--325},
}

@inproceedings{EBSN_can_i,
  author    = {Soumajit Pramanik and
               Midhun Gundapuneni and
               Sayan D. Pathak and
               Bivas Mitra},
  title     = {Can i foresee the success of my meetup group?},
  booktitle = {{ASONAM}},
  pages     = {366--373},
  publisher = {{IEEE} Computer Society},
  year      = {2016}
}


@inproceedings{Chinese_Poetry,
  author    = {Xingxing Zhang and
               Mirella Lapata},
  title     = {Chinese Poetry Generation with Recurrent Neural Networks},
  booktitle = {{EMNLP}},
  pages     = {670--680},
  publisher = {{ACL}},
  year      = {2014}
}

@inproceedings{EBSN_who_will,
author = {Zhang, Xiaomei and Zhao, Jing and Cao, Guohong},
year = {2015},
month = {06},
pages = {74-83},
title = {Who Will Attend? -- Predicting Event Attendance in Event-Based Social Network}
}

@Article{lme4,
    title = {Fitting Linear Mixed-Effects Models Using {lme4}},
    author = {Douglas Bates and Martin M{\"a}chler and Ben Bolker and
      Steve Walker},
    journal = {Journal of Statistical Software},
    year = {2015},
    volume = {67},
    number = {1},
    pages = {1--48},
  }

@Manual{MuMIn,
    title = {MuMIn: Multi-Model Inference},
    author = {Kamil Bartoń},
    year = {2017},
    note = {R package version 1.40.0},
  }

  @article{tibshirani_regression_1996,
	title = {Regression {Shrinkage} and {Selection} via the {Lasso}},
	volume = {58},
	issn = {0035-9246},
	number = {1},
	urldate = {2018-02-28},
	journal = {Journal of the Royal Statistical Society. Series B (Methodological)},
	author = {Tibshirani, Robert},
	year = {1996},
	pages = {267--288}
}

@inproceedings{noauthor_predicting_nodate,
  title={Predicting Sales from the Language of Product Descriptions},
  author={Reid Pryzant and Young-joo Chung and Dan Jurafsky},
  year={2017}
}

@article{nakagawa_ageneralandsimplemethodforobtaining_2013,
	title = {Ageneralandsimplemethodforobtaining {R}2 from generalizedlinearmixed-effectsmodels},
	volume = {4},
	issn = {2041210X},
	language = {en},
	number = {2},
	urldate = {2018-01-07},
	journal = {Methods in Ecology and Evolution},
	author = {Nakagawa, Shinichi and Schielzeth, Holger},
	editor = {O'Hara, Robert B.},
	month = feb,
	year = {2013},
	pages = {133--142},
}




@article{yu_seqgan:_2016,
	title = {{SeqGAN}: {Sequence} {Generative} {Adversarial} {Nets} with {Policy} {Gradient}},
	shorttitle = {{SeqGAN}},
	urldate = {2018-03-14},
	journal = {arXiv:1609.05473 [cs]},
	author = {Yu, Lantao and Zhang, Weinan and Wang, Jun and Yu, Yong},
	month = sep,
	year = {2016},
	note = {arXiv: 1609.05473},
	keywords = {Computer Science - Learning, Computer Science - Artificial Intelligence},
}

@article{DBLP:journals/corr/ChungGCB14,
  author    = {Junyoung Chung and
               {\c{C}}aglar G{\"{u}}l{\c{c}}ehre and
               KyungHyun Cho and
               Yoshua Bengio},
  title     = {Empirical Evaluation of Gated Recurrent Neural Networks on Sequence
               Modeling},
  journal   = {CoRR},
  volume    = {abs/1412.3555},
  year      = {2014},
  archivePrefix = {arXiv},
  eprint    = {1412.3555},
  timestamp = {Wed, 07 Jun 2017 14:40:04 +0200},
  bibsource = {dblp computer science bibliography, https://dblp.org}
}

@article{kingma_auto-encoding_2013,
	title = {Auto-{Encoding} {Variational} {Bayes}},
	urldate = {2018-03-16},
	journal = {arXiv:1312.6114 [cs, stat]},
	author = {Kingma, Diederik P. and Welling, Max},
	month = dec,
	year = {2013},
	note = {arXiv: 1312.6114},
	keywords = {Computer Science - Learning, Statistics - Machine Learning},
}

@article{goodfellow_generative_2014,
	title = {Generative {Adversarial} {Networks}},
	urldate = {2018-03-13},
	journal = {arXiv:1406.2661 [cs, stat]},
	author = {Goodfellow, Ian J. and Pouget-Abadie, Jean and Mirza, Mehdi and Xu, Bing and Warde-Farley, David and Ozair, Sherjil and Courville, Aaron and Bengio, Yoshua},
	month = jun,
	year = {2014},
	note = {arXiv: 1406.2661},
	keywords = {Computer Science - Learning, Statistics - Machine Learning},
}


@article{bowman_generating_2015,
	title = {Generating {Sentences} from a {Continuous} {Space}},
	urldate = {2018-03-16},
	journal = {arXiv:1511.06349 [cs]},
	author = {Bowman, Samuel R. and Vilnis, Luke and Vinyals, Oriol and Dai, Andrew M. and Jozefowicz, Rafal and Bengio, Samy},
	month = nov,
	year = {2015},
	keywords = {Computer Science - Computation and Language, Computer Science - Learning},
}

@InProceedings{noauthor_sequence_nodate,
  title = 	 {Sequence to Better Sequence: Continuous Revision of Combinatorial Structures},
  author = 	 {Jonas Mueller and David Gifford and Tommi Jaakkola},
  pages = 	 {2536--2544},
  year = 	 {2017},
  volume = 	 {70},
  series = 	 {Proceedings of Machine Learning Research},
  month = 	 {06--11 Aug},
  publisher = 	 {PMLR},
}


@inproceedings{papineni_bleu:_2002,
	address = {Philadelphia, Pennsylvania, USA},
	title = {Bleu: a {Method} for {Automatic} {Evaluation} of {Machine} {Translation}},
	shorttitle = {Bleu},
	urldate = {2018-04-25},
	booktitle = {Proceedings of 40th {Annual} {Meeting} of the {Association} for {Computational} {Linguistics}},
	publisher = {Association for Computational Linguistics},
	author = {Papineni, Kishore and Roukos, Salim and Ward, Todd and Zhu, Wei-Jing},
	month = jul,
	year = {2002},
	pages = {311--318},
}


@inproceedings{mikolov_rnnlm_2011,
	title = {{RNNLM} - {Recurrent} {Neural} {Network} {Language} {Modeling} {Toolkit}},
	author = {Mikolov, Tomas and Kombrink, Stefan and Deoras, Anoop and Burget, Lukas and Cernocky, Jan Honza},
	month = dec,
	year = {2011}
}


@inproceedings{gu_context_2016,
	title = {Context {Aware} {Matrix} {Factorization} for {Event} {Recommendation} in {Event}-{Based} {Social} {Networks}},
	language = {en},
	urldate = {2018-06-05},
	publisher = {IEEE},
	author = {Gu, Yulong and Song, Jiaxing and Liu, Weidong and Zou, Lixin and Yao, Yuan},
	month = oct,
	year = {2016},
	pages = {248--255},
	file = {Gu 等。 - 2016 - Context Aware Matrix Factorization for Event Recom.pdf:C\:\\Users\\22605_000\\Zotero\\storage\\VDYHYIFW\\Gu 等。 - 2016 - Context Aware Matrix Factorization for Event Recom.pdf:application/pdf}
}

@article{event_organization_101,
  author    = {Shuo Zhang and
               Qin Lv},
  title     = {Event Organization 101: Understanding Latent Factors of Event Popularity},
  journal   = {CoRR},
  volume    = {abs/1709.02024},
  year      = {2017},
  url       = {http://arxiv.org/abs/1709.02024},
  archivePrefix = {arXiv},
  eprint    = {1709.02024},
  timestamp = {Thu, 05 Oct 2017 09:42:56 +0200},
  biburl    = {https://dblp.org/rec/bib/journals/corr/abs-1709-02024},
  bibsource = {dblp computer science bibliography, https://dblp.org}
}


@article{lin_adversarial_2017,
	title = {Adversarial {Ranking} for {Language} {Generation}},
	urldate = {2018-03-12},
	author = {Lin, Kevin and Li, Dianqi and He, Xiaodong and Zhang, Zhengyou and Sun, Ming-Ting},
	month = may,
	year = {2017},
	keywords = {Computer Science - Computation and Language, Computer Science - Learning},
	annote = {Comment: NIPS2017},
}

@article{word2vec,
  author    = {Tomas Mikolov and
               Kai Chen and
               Greg Corrado and
               Jeffrey Dean},
  title     = {Efficient Estimation of Word Representations in Vector Space},
  journal   = {CoRR},
  volume    = {abs/1301.3781},
  year      = {2013},
  archivePrefix = {arXiv},
  eprint    = {1301.3781},
  timestamp = {Wed, 07 Jun 2017 14:42:25 +0200},
}


@article{kim_character-aware_2015,
	title = {Character-{Aware} {Neural} {Language} {Models}},
	urldate = {2018-03-17},
	journal = {arXiv:1508.06615 [cs, stat]},
	author = {Kim, Yoon and Jernite, Yacine and Sontag, David and Rush, Alexander M.},
	month = aug,
	year = {2015},
	annote = {Comment: AAAI 2016},
}